<?xml version="1.0" encoding="UTF-8"?>
<record xmlns="http://www.loc.gov/MARC21/slim" xmlns:zs="http://docs.oasis-open.org/ns/search-ws/sruResponse">
 <leader>
  05876cpcaa22007817a 4500
 </leader>
 <controlfield tag="001">
  13817577
 </controlfield>
 <controlfield tag="005">
  20210106131556.0
 </controlfield>
 <controlfield tag="007">
  sd |||ennii||e
 </controlfield>
 <controlfield tag="007">
  sd |||ennig||e
 </controlfield>
 <controlfield tag="008">
  041216i19351944dcu                 eng
 </controlfield>
 <datafield ind1=" " ind2=" " tag="906">
  <subfield code="a">
   7
  </subfield>
  <subfield code="b">
   cbc
  </subfield>
  <subfield code="c">
   orignew
  </subfield>
  <subfield code="d">
   u
  </subfield>
  <subfield code="e">
   ncip
  </subfield>
  <subfield code="f">
   20
  </subfield>
  <subfield code="g">
   y-folklife
  </subfield>
 </datafield>
 <datafield ind1=" " ind2=" " tag="955">
  <subfield code="a">
   mkru 2004-12-16; mkru 2005-02-01; mkru 2005-07-13; mkru 2006-02-17; cker 2010-09-23; mkru 2011-03-03
  </subfield>
  <subfield code="a">
   mkru 2018-05-23
  </subfield>
  <subfield code="a">
   vk37 2021-01-06 tw situational bfm
  </subfield>
 </datafield>
 <datafield ind1=" " ind2=" " tag="010">
  <subfield code="a">
   2004659978
  </subfield>
 </datafield>
 <datafield ind1=" " ind2=" " tag="040">
  <subfield code="a">
   DLC
  </subfield>
  <subfield code="e">
   dacs
  </subfield>
  <subfield code="c">
   DLC
  </subfield>
  <subfield code="d">
   DLC
  </subfield>
 </datafield>
 <datafield ind1=" " ind2=" " tag="043">
  <subfield code="a">
   n-us-nc
  </subfield>
  <subfield code="a">
   n-us-wv
  </subfield>
  <subfield code="a">
   n-us-va
  </subfield>
 </datafield>
 <datafield ind1=" " ind2=" " tag="090">
  <subfield code="a">
   AFS 2235, AFS 3769-3788
  </subfield>
 </datafield>
 <datafield ind1=" " ind2=" " tag="090">
  <subfield code="a">
   AFS 6482-6493
  </subfield>
 </datafield>
 <datafield ind1=" " ind2=" " tag="090">
  <subfield code="a">
   LWO 4872, reels 142B, 245B-246; reels 413B-414A (preservation sound tape reels)
  </subfield>
 </datafield>
 <datafield ind1=" " ind2=" " tag="090">
  <subfield code="a">
   AFC 1939/003
  </subfield>
 </datafield>
 <datafield ind1="0" ind2="0" tag="245">
  <subfield code="a">
   Fletcher Collins Jr. collection,
  </subfield>
  <subfield code="f">
   1935-1944 /
  </subfield>
  <subfield code="c">
   collected by Fletcher Collins.
  </subfield>
 </datafield>
 <datafield ind1=" " ind2=" " tag="260">
  <subfield code="c">
   1935-1944.
  </subfield>
 </datafield>
 <datafield ind1=" " ind2=" " tag="300">
  <subfield code="3">
   manuscripts
  </subfield>
  <subfield code="a">
   ca. 1000 leaves.
  </subfield>
 </datafield>
 <datafield ind1=" " ind2=" " tag="300">
  <subfield code="a">
   21 sound discs :
  </subfield>
  <subfield code="b">
   analog ;
  </subfield>
  <subfield code="c">
   12 in.
  </subfield>
 </datafield>
 <datafield ind1=" " ind2=" " tag="300">
  <subfield code="a">
   12 sound discs :
  </subfield>
  <subfield code="b">
   analog ;
  </subfield>
  <subfield code="c">
   12 in.
  </subfield>
 </datafield>
 <datafield ind1=" " ind2=" " tag="351">
  <subfield code="a">
   Organized by format into the following series: I. Manuscripts; II. Sound Recordings.
  </subfield>
 </datafield>
 <datafield ind1=" " ind2=" " tag="545">
  <subfield code="a">
   Fletcher Collins Jr. was born on November 19, 1906. He graduated from Yale University (Ph.B. 1928, Ph.D. 1934) and was a professor of English at Elon College in North Carolina (1936-42) and professor of Theater at Mary Baldwin College, Staunton, Virginia (1946-1977).  He died in 2005.
  </subfield>
 </datafield>
 <datafield ind1=" " ind2=" " tag="520">
  <subfield code="a">
   The Fletcher Collins Jr. collection is the result of the Anglo-American folksong collecting activities of Fletcher Collins Jr. from the mid-1930s to the early 1940s in North Carolina, Virginia, and West Virginia. Collins made twenty-one disc recordings of folk songs and ballads at Elon College in March, 1939, under the auspices of the WPA Joint Committee on Folk Arts.  During November and December 1941 he made fifteen recordings, including folk songs and instrumental music with banjo, fiddle, dulcimer, and piano accompaniment for the Library of Congress Archive of Folk Song. Twelve of these discs are part of this collection, which also includes manuscript materials, correspondence, materials for a series on WBIG radio, and transcriptions of songs and tunes donated to the Library by Fletcher Collins in 2002.
  </subfield>
 </datafield>
 <datafield ind1=" " ind2=" " tag="518">
  <subfield code="a">
   Field recordings were made at Elon College by Fletcher Collings in March 1939 (AFS 2235, AFS 3769-3788) on aluminum-base lacquer discs. Field recordings were made in November and December 1941 on glass-base lacquer discs with a Library of Congress Presto recording machine in Brown Summit (AFS 6491), Burlington (AFS 6365-6366, perhaps 6494), Elon College (AFS 6492-6493), and Greensboro (AFS 6482-6486), North Carolina; and in Fancy Gap, Virginia (AFS 6487-6490).
  </subfield>
 </datafield>
 <datafield ind1="8" ind2=" " tag="524">
  <subfield code="a">
   Fletcher Collins Jr. collection (AFC 1939/003), Archive of Folk Culture, American Folklife Center, Library of Congress, Washington, D.C.
  </subfield>
 </datafield>
 <datafield ind1="0" ind2=" " tag="506">
  <subfield code="a">
   The collection is open for research. To request materials, please contact the Folklife Reading Room at
  </subfield>
  <subfield code="u">
   http://hdl.loc.gov/loc.afc/folklife.contact
  </subfield>
 </datafield>
 <datafield ind1=" " ind2=" " tag="540">
  <subfield code="a">
   Duplication of the collection materials may be governed by copyright and other restrictions.
  </subfield>
 </datafield>
 <datafield ind1=" " ind2=" " tag="541">
  <subfield code="a">
   Fletcher Collins;
  </subfield>
  <subfield code="c">
   Donation;
  </subfield>
  <subfield code="d">
   1939, 1942, 2002.
  </subfield>
 </datafield>
 <datafield ind1="1" ind2=" " tag="544">
  <subfield code="n">
   Fletcher Collins, Jr. was interviewed about this collection by American Folklife Center staff. See Fletcher Collins, Jr. oral history interview, 2002 July 2 (AFC 2002/004)
  </subfield>
 </datafield>
 <datafield ind1="1" ind2=" " tag="544">
  <subfield code="a">
   Two discs made by Fletcher Collins in Burlington, N.C., Dec. 8, 1941, were in response to Alan Lomax's call for "man-on-the-street" reactions to the Pearl Harbor attacks the day prior. They are included in a separate American Folklife Center collection, AFC 1941/004 Man-on-the-Street Interviews Collection.
  </subfield>
 </datafield>
 <datafield ind1="0" ind2=" " tag="555">
  <subfield code="a">
   Finding aid is available in the Folklife Reading Room and online
  </subfield>
  <subfield code="u">
   http://hdl.loc.gov/loc.afc/collafc.af000112
  </subfield>
 </datafield>
 <datafield ind1=" " ind2=" " tag="555">
  <subfield code="a">
   Bibliographic information for titles in this collection is found in the online resource, Traditional Music and Spoken Word Catalog from the American Folklife Center. Search for audio titles in the Fletcher Collins Jr. Collection.
  </subfield>
 </datafield>
 <datafield ind1="1" ind2="0" tag="600">
  <subfield code="a">
   Collins, Fletcher,
  </subfield>
  <subfield code="c">
   Jr.,
  </subfield>
  <subfield code="d">
   1906-2005
  </subfield>
  <subfield code="x">
   Ethnomusicological collections.
  </subfield>
 </datafield>
 <datafield ind1=" " ind2="0" tag="650">
  <subfield code="a">
   Folk songs, English
  </subfield>
  <subfield code="z">
   North Carolina.
  </subfield>
 </datafield>
 <datafield ind1=" " ind2="0" tag="650">
  <subfield code="a">
   Folk songs, English
  </subfield>
  <subfield code="z">
   West Virginia.
  </subfield>
 </datafield>
 <datafield ind1=" " ind2="0" tag="650">
  <subfield code="a">
   Folk songs, English
  </subfield>
  <subfield code="z">
   Virginia.
  </subfield>
 </datafield>
 <datafield ind1=" " ind2="0" tag="650">
  <subfield code="a">
   Folk music
  </subfield>
  <subfield code="z">
   North Carolina.
  </subfield>
 </datafield>
 <datafield ind1=" " ind2="0" tag="650">
  <subfield code="a">
   Folk music
  </subfield>
  <subfield code="z">
   Virginia.
  </subfield>
 </datafield>
 <datafield ind1=" " ind2="0" tag="650">
  <subfield code="a">
   Folk music
  </subfield>
  <subfield code="z">
   West Virginia.
  </subfield>
 </datafield>
 <datafield ind1=" " ind2="0" tag="650">
  <subfield code="a">
   Folk music
  </subfield>
  <subfield code="z">
   Appalachian Region.
  </subfield>
 </datafield>
 <datafield ind1=" " ind2="0" tag="650">
  <subfield code="a">
   Folk songs, English
  </subfield>
  <subfield code="z">
   Appalachian Region.
  </subfield>
 </datafield>
 <datafield ind1=" " ind2="0" tag="650">
  <subfield code="a">
   Fiddle tunes
  </subfield>
  <subfield code="z">
   Appalachian Region.
  </subfield>
 </datafield>
 <datafield ind1=" " ind2="0" tag="650">
  <subfield code="a">
   Banjo music
  </subfield>
  <subfield code="z">
   Appalachian Region.
  </subfield>
 </datafield>
 <datafield ind1=" " ind2="0" tag="650">
  <subfield code="a">
   Ballads, English
  </subfield>
  <subfield code="z">
   Appalachian Region.
  </subfield>
 </datafield>
 <datafield ind1=" " ind2="0" tag="650">
  <subfield code="a">
   Hymns, English
  </subfield>
  <subfield code="z">
   Appalachian Region.
  </subfield>
 </datafield>
 <datafield ind1=" " ind2="0" tag="650">
  <subfield code="a">
   Children's songs, English
  </subfield>
  <subfield code="z">
   Appalachian Region.
  </subfield>
 </datafield>
 <datafield ind1=" " ind2="0" tag="650">
  <subfield code="a">
   Radio programs
  </subfield>
  <subfield code="z">
   Washington (D.C.)
  </subfield>
 </datafield>
 <datafield ind1=" " ind2="7" tag="655">
  <subfield code="a">
   Manuscripts.
  </subfield>
  <subfield code="2">
   aat
  </subfield>
 </datafield>
 <datafield ind1=" " ind2="7" tag="655">
  <subfield code="a">
   Correspondence.
  </subfield>
  <subfield code="2">
   aat
  </subfield>
 </datafield>
 <datafield ind1=" " ind2="7" tag="655">
  <subfield code="a">
   Transcripts.
  </subfield>
  <subfield code="2">
   aat
  </subfield>
 </datafield>
 <datafield ind1=" " ind2="7" tag="655">
  <subfield code="a">
   Sound recordings.
  </subfield>
  <subfield code="2">
   lcgft
  </subfield>
 </datafield>
 <datafield ind1=" " ind2="7" tag="655">
  <subfield code="a">
   Field recordings.
  </subfield>
  <subfield code="2">
   lcgft
  </subfield>
 </datafield>
 <datafield ind1="1" ind2=" " tag="700">
  <subfield code="a">
   Collins, Fletcher,
  </subfield>
  <subfield code="c">
   Jr.,
  </subfield>
  <subfield code="d">
   1906-2005,
  </subfield>
  <subfield code="e">
   collector.
  </subfield>
 </datafield>
 <datafield ind1="1" ind2=" " tag="700">
  <subfield code="a">
   Cole, Calvin,
  </subfield>
  <subfield code="e">
   performer.
  </subfield>
 </datafield>
 <datafield ind1="1" ind2=" " tag="700">
  <subfield code="a">
   Greer, I. G.
  </subfield>
  <subfield code="q">
   (Isaac Garfield),
  </subfield>
  <subfield code="d">
   1881-1967,
  </subfield>
  <subfield code="e">
   performer.
  </subfield>
 </datafield>
 <datafield ind1="1" ind2=" " tag="700">
  <subfield code="a">
   Tate, Dan,
  </subfield>
  <subfield code="d">
   1896-1990,
  </subfield>
  <subfield code="e">
   performer.
  </subfield>
 </datafield>
 <datafield ind1="2" ind2=" " tag="710">
  <subfield code="a">
   Wagoners,
  </subfield>
  <subfield code="e">
   performer.
  </subfield>
 </datafield>
 <datafield ind1="2" ind2=" " tag="710">
  <subfield code="a">
   Archive of Folk Song (U.S.)
  </subfield>
  <subfield code="e">
   sponsor.
  </subfield>
 </datafield>
 <datafield ind1="1" ind2=" " tag="710">
  <subfield code="a">
   United States.
  </subfield>
  <subfield code="b">
   Works Progress Administration.,
  </subfield>
  <subfield code="e">
   sponsor.
  </subfield>
 </datafield>
 <datafield ind1=" " ind2=" " tag="852">
  <subfield code="a">
   Library of Congress
  </subfield>
  <subfield code="b">
   Archive of Folk Culture, American Folklife Center,
  </subfield>
  <subfield code="e">
   101 Independence Ave. S.E., Washington, DC USA 20540-4610
  </subfield>
  <subfield code="u">
   http://hdl.loc.gov/loc.afc/folklife.home
  </subfield>
 </datafield>
 <datafield ind1="4" ind2="2" tag="856">
  <subfield code="3">
   Search for audio titles in the Fletcher Collins Jr. Collection
  </subfield>
  <subfield code="u">
   http://hdl.loc.gov/loc.afc/collafc.af000112
  </subfield>
 </datafield>
 <datafield ind1="4" ind2="2" tag="856">
  <subfield code="3">
   Finding aid
  </subfield>
  <subfield code="u">
   http://hdl.loc.gov/loc.afc/eadafc.af006005
  </subfield>
 </datafield>
 <datafield ind1=" " ind2=" " tag="985">
  <subfield code="a">
   afc/ead
  </subfield>
 </datafield>
 <datafield ind1=" " ind2=" " tag="985">
  <subfield code="a">
   afc/coll
  </subfield>
 </datafield>
</record>
